@article{erlandsson2009performance,
  title={Performance evaluation of D-SPECT: a novel SPECT system for nuclear cardiology},
  author={Erlandsson, Kjell and Kacperski, Krzysztof and Van Gramberg, Dean and Hutton, Brian F},
  journal={Physics in Medicine \& Biology},
  volume={54},
  number={9},
  pages={2635},
  year={2009},
  publisher={IOP Publishing}
}

@techreport{CZTTech2009,
    author    = {{GE Healthcare}},
    title     = {CZT Technology: Fundamentals and Applications},
    institution = {General Electric Company},
    year      = {2009}
}

@incollection{wagenaar2004cdte,
  title={CdTe and CdZnTe semiconductor detectors for nuclear medicine imaging},
  author={Wagenaar, Douglas J},
  booktitle={Emission Tomography},
  pages={269--291},
  year={2004},
  publisher={Elsevier}
}

@article{rahmim2008pet,
  title={PET versus SPECT: strengths, limitations and challenges},
  author={Rahmim, Arman and Zaidi, Habib},
  journal={Nuclear medicine communications},
  volume={29},
  number={3},
  pages={193--207},
  year={2008},
  publisher={LWW}
}

@article{hlatky2014economic,
  title={Economic outcomes in the study of myocardial perfusion and coronary anatomy imaging roles in coronary artery disease registry: the SPARC study},
  author={Hlatky, Mark A and Shilane, David and Hachamovitch, Rory and DiCarli, Marcelo F and SPARC Investigators and others},
  journal={Journal of the American College of Cardiology},
  volume={63},
  number={10},
  pages={1002--1008},
  year={2014},
  publisher={Journal of the American College of Cardiology}
}

@article{goshen2018feasibility,
  title={Feasibility study of a novel general purpose CZT-based digital SPECT camera: initial clinical results},
  author={Goshen, Elinor and Beilin, Leonid and Stern, Eli and Kenig, Tal and Goldkorn, Ronen and Ben-Haim, Simona},
  journal={EJNMMI physics},
  volume={5},
  number={1},
  pages={6},
  year={2018},
  publisher={Nature Publishing Group}
}
@article{hashimoto2018effect,
  title={The effect of scan interval and bolus length on the quantitative accuracy of cerebral computed tomography perfusion analysis using a hollow-fiber phantom},
  author={Hashimoto, Hiroyuki and Suzuki, Kazufumi and Okaniwa, Eiji and Iimura, Hiroshi and Abe, Kayoko and Sakai, Shuji},
  journal={Radiological physics and technology},
  volume={11},
  number={1},
  pages={13--19},
  year={2018},
  publisher={Springer}
}

@article{suzuki2017quantitative,
  title={Quantitative accuracy of computed tomography perfusion under low-dose conditions, measured using a hollow-fiber phantom},
  author={Suzuki, Kazufumi and Hashimoto, Hiroyuki and Okaniwa, Eiji and Iimura, Hiroshi and Suzaki, Shingo and Abe, Kayoko and Sakai, Shuji},
  journal={Japanese journal of radiology},
  volume={35},
  number={7},
  pages={373--380},
  year={2017},
  publisher={Springer}
}

@article{chiribiri2013perfusion,
  title={Perfusion phantom: An efficient and reproducible method to simulate myocardial first-pass perfusion measurements with cardiovascular magnetic resonance},
  author={Chiribiri, Amedeo and Schuster, Andreas and Ishida, Masaki and Hautvast, Gilion and Zarinabad, Niloufar and Morton, Geraint and Otton, James and Plein, Sven and Breeuwer, Marcel and Batchelor, Philip and others},
  journal={Magnetic Resonance in medicine},
  volume={69},
  number={3},
  pages={698--707},
  year={2013},
  publisher={Wiley Online Library}
}

@article{otton2013direct,
  title={A direct comparison of the sensitivity of CT and MR cardiac perfusion using a myocardial perfusion phantom},
  author={Otton, James and Morton, Geraint and Schuster, Andreas and Bigalke, Boris and Marano, Riccardo and Olivotti, Luca and Nagel, Eike and Chiribiri, Amedeo},
  journal={Journal of cardiovascular computed tomography},
  volume={7},
  number={2},
  pages={117--124},
  year={2013},
  publisher={Elsevier}
}

@article{o2017effect,
  title={The effect of high count rates on cardiac perfusion quantification in a simultaneous PET-MR system using a cardiac perfusion phantom},
  author={Oâ€™Doherty, Jim and Chalampalakis, Zacharias and Schleyer, Paul and Nazir, Muhummad Sohaib and Chiribiri, Amedeo and Marsden, Paul K},
  journal={EJNMMI physics},
  volume={4},
  number={1},
  pages={31},
  year={2017},
  publisher={Springer}
}


@online{SpectDynam2018,
  author = {{Spectrum Dynamics}},
  title = {D-SPECT, Where It All Starts... Nine Digital CZT-Based Detectors},
  year = 2016,
  url = {https://www.spectrum-dynamics.com/d-spect-solid-state-technology9-digital-czt-based-detectors/},
  urldate = {2018-12-04}
}

@online{RadioPead2018,
  author = {Goel, Ayush and Smith, Derek and Hakcing, Craig},
  title = {SPECT vs PET},
  year = 2014,
  url = {https://radiopaedia.org/articles/spect-vs-pet},
  urldate = {2018-12-04}
}

@online{Fornell2008,
  author = {Dave Fornell},
  title = {SPECT Scanner vs. PET, Which is Best?},
  year = 2008,
  url = {https://www.dicardiology.com/article/spect-scanner-vs-pet-which-best},
  urldate = {2018-12-03}
}




